<collection xmlns="http://www.loc.gov/MARC21/slim">
<record>
  <leader>01120nam0a22002531i 450 </leader>
  <controlfield tag="001">IT\ICCU\CNCE\021365</controlfield>
  <controlfield tag="005">20110307000000.0</controlfield>
  <datafield tag="100" ind1=" " ind2=" ">
    <subfield code="a">19970101d1553        0itac0103    ba</subfield>
  </datafield>
  <datafield tag="101" ind1=" " ind2=" ">
    <subfield code="a">ITA</subfield>
  </datafield>
  <datafield tag="102" ind1=" " ind2=" ">
    <subfield code="a">IT</subfield>
  </datafield>
  <datafield tag="200" ind1="1" ind2=" ">
    <subfield code="a">Declamatione di Carmide Atheniese padre di Sophronia; oue si risponde a T.Q. Fuluio romano</subfield>
  </datafield>
  <datafield tag="210" ind1=" " ind2=" ">
    <subfield code="a">Padoua</subfield>
    <subfield code="c">per Giauanne  \sic! Battista Amyco</subfield>
    <subfield code="d">1553</subfield>
  </datafield>
  <datafield tag="215" ind1=" " ind2=" ">
    <subfield code="a">17 c.</subfield>
    <subfield code="d">8ʻ</subfield>
  </datafield>
  <datafield tag="300" ind1=" " ind2=" ">
    <subfield code="a">Forse parte di 21366</subfield>
  </datafield>
  <datafield tag="620" ind1=" " ind2=" ">
    <subfield code="a">IT</subfield>
    <subfield code="d">Padova</subfield>
  </datafield>
  <datafield tag="700" ind1=" " ind2="1">
    <subfield code="a">Giustiniani,</subfield>
    <subfield code="b">Giovanni</subfield>
    <subfield code="3">IT\ICCU\CNCA\003058</subfield>
  </datafield>
  <datafield tag="712" ind1="0" ind2="0">
    <subfield code="a">Amico, Giovanni Battista</subfield>
    <subfield code="3">IT\ICCU\CNCT\001087</subfield>
    <subfield code="4">650</subfield>
  </datafield>
  <datafield tag="790" ind1=" " ind2="1">
    <subfield code="a">Giustiniano,</subfield>
    <subfield code="b">Giovanni</subfield>
    <subfield code="3">IT\ICCU\CNCA\003295</subfield>
    <subfield code="z">Giustiniani, Giovanni</subfield>
  </datafield>
  <datafield tag="790" ind1=" " ind2="1">
    <subfield code="a">Iustinianus,</subfield>
    <subfield code="b">Ioannes</subfield>
    <subfield code="3">IT\ICCU\CNCA\019943</subfield>
    <subfield code="z">Giustiniani, Giovanni</subfield>
  </datafield>
  <datafield tag="791" ind1="0" ind2="0">
    <subfield code="a">Amici, Giovanni Battista</subfield>
    <subfield code="3">IT\ICCU\CNCT\003459</subfield>
    <subfield code="z">Amico, Giovanni Battista</subfield>
  </datafield>
  <datafield tag="791" ind1="0" ind2="0">
    <subfield code="a">Amyco, Giovanne Battista</subfield>
    <subfield code="3">IT\ICCU\CNCT\004243</subfield>
    <subfield code="z">Amico, Giovanni Battista</subfield>
  </datafield>
  <datafield tag="791" ind1="0" ind2="0">
    <subfield code="a">Amycus, Ioannes Baptista</subfield>
    <subfield code="3">IT\ICCU\CNCT\004244</subfield>
    <subfield code="z">Amico, Giovanni Battista</subfield>
  </datafield>
  <datafield tag="791" ind1="0" ind2="0">
    <subfield code="a">Amicus, Ioannes Baptista</subfield>
    <subfield code="3">IT\ICCU\CNCT\004245</subfield>
    <subfield code="z">Amico, Giovanni Battista</subfield>
  </datafield>
  <datafield tag="801" ind1=" " ind2="3">
    <subfield code="a">IT</subfield>
    <subfield code="b">ICCU</subfield>
    <subfield code="c">20201114</subfield>
  </datafield>
</record>
</collection>
